@misc{printf,
  author = {Augustsson, Lennart and Massey, Bart},
  title = {The \emph{Text.Printf} module},
  year = {2013},
  howpublished = {\url{http://hackage.haskell.org/package/base-4.8.0.0/docs/Text-Printf.html}},
  urldate = {2016-03-12}
}

@inproceedings{ocsigen,
  title={Client-server Web applications with Ocsigen},
  author={Balat, Vincent and Chambart, Pierre and Henry, Gr{\'e}goire},
  booktitle={WWW2012},
  pages={59},
  year={2012}
}

@article{idris,
  title={Cross-platform compilers for functional languages},
  author={Brady, Edwin},
  journal={Under consideration for Trends in Functional Programming},
  volume={1},
  year={2015}
}

@book{ffi,
  title={The Haskell Foreign Function Interface 1.0: An Addendum to the Haskell 98 Report},
  author={Chakravarty, Manuel MT},
  year={2003}
}

@inproceedings{language-c-inline,
  title={Foreign inline code: systems demonstration},
  author={Chakravarty, Manuel MT},
  booktitle={ACM SIGPLAN Notices},
  volume={49},
  number={12},
  pages={119--120},
  year={2014},
  organization={ACM}
}

@inproceedings{typefamilies,
  title={Associated type synonyms},
  author={Chakravarty, Manuel MT and Keller, Gabriele and Jones, Simon Peyton},
  booktitle={ACM SIGPLAN Notices},
  volume={40},
  number={9},
  pages={241--253},
  year={2005},
  organization={ACM}
}

@incollection{uhc,
  title={Building JavaScript applications with Haskell},
  author={Dijkstra, Atze and Stutterheim, Jurri{\"e}n and Vermeulen, Alessandro and Swierstra, S Doaitse},
  booktitle={Implementation and Application of Functional Languages},
  pages={37--52},
  year={2012},
  publisher={Springer}
}

@misc{fay,
  author = {Done, Chris},
  title = {Fay programming language},
  year = {2015},
  howpublished = {\url{https://github.com/faylang/fay/wiki}},
  urldate = {2016-03-12}
}

@misc{es6,
  author = {Wirfs-Brock, Allen},
  title = {{ECMAScript} 2015 Language Specification},
  year = {2015},
  howpublished = {\url{http://www.ecma-international.org/ecma-262/6.0/}},
  urldate = {2015-11-12}
}

@inproceedings{closedtypefamilies,
  author = {Eisenberg, Richard A. and Vytiniotis, Dimitrios and Peyton Jones, Simon and Weirich, Stephanie},
  title = {Closed Type Families with Overlapping Equations},
  booktitle = {Proceedings of the 41st ACM SIGPLAN-SIGACT Symposium on Principles of Programming Languages},
  series = {POPL '14},
  year = {2014},
  isbn = {978-1-4503-2544-8},
  location = {San Diego, California, USA},
  pages = {671--683},
  numpages = {13},
  url = {http://doi.acm.org/10.1145/2535838.2535856},
  doi = {10.1145/2535838.2535856},
  acmid = {2535856},
  publisher = {ACM},
  address = {New York, NY, USA},
  keywords = {haskell, system fc, type families, type-level computation},
}

@inproceedings{haste,
 author = {Ekblad, Anton and Claessen, Koen},
 title = {A Seamless, Client-centric Programming Model for Type Safe Web Applications},
 booktitle = {Proceedings of the 2014 ACM SIGPLAN Symposium on Haskell},
 series = {Haskell '14},
 year = {2014},
 isbn = {978-1-4503-3041-1},
 location = {Gothenburg, Sweden},
 pages = {79--89},
 numpages = {11},
 url = {http://doi.acm.org/10.1145/2633357.2633367},
 doi = {10.1145/2633357.2633367},
 acmid = {2633367},
 publisher = {ACM},
 address = {New York, NY, USA},
 keywords = {distributed systems, network communication, web applications},
}

@inproceedings{cloudhaskell,
 author = {Epstein, Jeff and Black, Andrew P. and Peyton-Jones, Simon},
 title = {Towards {Haskell} in the Cloud},
 booktitle = {Proceedings of the 4th ACM Symposium on Haskell},
 series = {Haskell '11},
 year = {2011},
 isbn = {978-1-4503-0860-1},
 location = {Tokyo, Japan},
 pages = {118--129},
 numpages = {12},
 url = {http://doi.acm.org/10.1145/2034675.2034690},
 doi = {10.1145/2034675.2034690},
 acmid = {2034690},
 publisher = {ACM},
 address = {New York, NY, USA},
 keywords = {erlang, haskell, message-passing},
}

@inproceedings{quasiquotes,
 author = {Mainland, Geoffrey},
 title = {Why It's Nice to Be Quoted: Quasiquoting for {Haskell}},
 booktitle = {Proceedings of the ACM SIGPLAN Workshop on Haskell Workshop},
 series = {Haskell '07},
 year = {2007},
 isbn = {978-1-59593-674-5},
 location = {Freiburg, Germany},
 pages = {73--82},
 numpages = {10},
 url = {http://doi.acm.org/10.1145/1291201.1291211},
 doi = {10.1145/1291201.1291211},
 acmid = {1291211},
 publisher = {ACM},
 address = {New York, NY, USA},
 keywords = {meta programming, quasiquoting},
}

@inproceedings{generics,
 author = {Magalh\~{a}es, Jos{\'e} Pedro and Dijkstra, Atze and Jeuring, Johan and L\"{o}h, Andres},
 title = {A Generic Deriving Mechanism for {Haskell}},
 booktitle = {Proceedings of the Third ACM Haskell Symposium on Haskell},
 series = {Haskell '10},
 year = {2010},
 isbn = {978-1-4503-0252-4},
 location = {Baltimore, Maryland, USA},
 pages = {37--48},
 numpages = {12},
 url = {http://doi.acm.org/10.1145/1863523.1863529},
 doi = {10.1145/1863523.1863529},
 acmid = {1863529},
 publisher = {ACM},
 address = {New York, NY, USA},
 keywords = {datatype-generic programming, haskell, type classes},
}

@misc{ghcjs,
  author = {Nazarov, Victor and Mackenzie, Hamish and Stegeman, Luite},
  title = {{GHCJS} {Haskell} to {JavaScript} Compiler},
  year = {2015},
  howpublished = {\url{https://github.com/ghcjs/ghcjs}},
  urldate = {2015-05-14}
}

@misc{aeson,
  author = {O'Sullivan, Bryan},
  title = {The \emph{aeson} package},
  year = {2015},
  howpublished = {\url{http://hackage.haskell.org/package/aeson-0.11.1.0/}},
  urldate = {2016-02-29}
}

@misc{clean,
  title={Clean language report version 2.1},
  author={Plasmeijer, Rinus and van Eekelen, Marko},
  year={2002}
}

@inproceedings{rewriterules,
  title={Playing by the rules: rewriting as a practical optimisation technique in {GHC}},
  author={Peyton Jones, Simon and Tolmach, Andrew and Hoare, Tony},
  booktitle={Haskell workshop},
  volume={1},
  pages={203--233},
  year={2001}
}

@inproceedings{stableptr,
  title={Malloc pointers and stable pointers: Improving {Haskell}'s foreign language interface},
  author={Reid, Alastair},
  booktitle={Glasgow Functional Programming Workshop Draft Proceedings, Ayr, Scotland},
  year={1994},
  organization={Citeseer}
}

@inproceedings{th,
  title={Template meta-programming for Haskell},
  author={Sheard, Tim and Jones, Simon Peyton},
  booktitle={Proceedings of the 2002 ACM SIGPLAN workshop on Haskell},
  pages={1--16},
  year={2002},
  organization={ACM}
}

@misc{time,
  author = {Yakeley, Ashley},
  title = {The \emph{time} package},
  year = {2014},
  howpublished = {\url{http://hackage.haskell.org/package/time}},
  urldate = {2015-04-01}
}
